<?xml version="1.0" encoding="utf-8"?>
<record xmlns="http://www.loc.gov/MARC21/slim" xmlns:xsi="http://www.w3.org/2001/XMLSchema-instance" xsi:schemaLocation="http://www.loc.gov/MARC21/slim http://www.loc.gov/standards/marcxml/schema/MARC21slim.xsd">
	<leader>     nam a22        4500</leader>
	<controlfield tag="001">3068056</controlfield>
	<controlfield tag="003">NNC</controlfield>
	<controlfield tag="006">m        d        </controlfield>
	<controlfield tag="007">cr cn |||m|||a</controlfield>
	<controlfield tag="008">180119m19519999sy bhj  ob    001 0 ara  </controlfield>
	<datafield ind1=" " ind2=" " tag="040">
		<subfield code="a">NNU</subfield>
		<subfield code="b">eng</subfield>
		<subfield code="e">rda</subfield>
		<subfield code="c">NNU</subfield>
	</datafield>
	<datafield ind1=" " ind2=" " tag="066">
		<subfield code="c">(3</subfield>
	</datafield>
	<datafield ind1=" " ind2=" " tag="043">
		<subfield code="a">a-sy---</subfield>
	</datafield>
	<datafield ind1="0" ind2="0" tag="050">
		<subfield code="a">DS99.D3</subfield>
		<subfield code="b">I23 1981</subfield>
	</datafield>
	<datafield ind1=" " ind2="4" tag="082">
		<subfield code="a">956.91 IBN</subfield>
	</datafield>
	<datafield ind1="1" ind2=" " tag="100">
		<subfield code="6">880-01</subfield>
		<subfield code="a">Ibn ʻAsākir, ʻAlī ibn al-Ḥasan,</subfield>
		<subfield code="d">1105-1176.</subfield>
	</datafield>
	<datafield ind1="1" ind2="0" tag="245">
		<subfield code="6">880-02</subfield>
		<subfield code="a">Tārīkh madīnat Dimashq :</subfield>
		<subfield code="b">wa-dhikr faḍlihā wa-tasmīyat man ḥallahā min al-amāthil aw ijtāza bi-nawāḥīhā min wāridīhā wa-ahlihā /</subfield>
		<subfield code="c">taṣnīf Abī al-Qāsim ʻAlī ibn al-Ḥasan ibn Hibat Allāh ibn ʻAbd Allāh al-Shāfiʻī al-maʻrūf bi-Ibn ʻAsākir ; bi-taḥqīq Ṣalāh al-Dīn al-Munajjid.</subfield>
	</datafield>
	<datafield ind1=" " ind2=" " tag="260">
		<subfield code="6">880-03</subfield>
		<subfield code="a">Dimashq :</subfield>
		<subfield code="b">Maṭbūʻāt al-Majmaʻ al-ʻIlmī al-ʻArabī,</subfield>
		<subfield code="c">1951-</subfield>
	</datafield>
	<datafield ind1=" " ind2=" " tag="300">
		<subfield code="a">online resource (volumes) :</subfield>
		<subfield code="b">facsimiles, genealogical tables, maps</subfield>
	</datafield>
	<datafield ind1=" " ind2=" " tag="336">
		<subfield code="a">text</subfield>
		<subfield code="2">rdacontent</subfield>
	</datafield>
	<datafield ind1=" " ind2=" " tag="337">
		<subfield code="a">computer</subfield>
		<subfield code="2">rdamedia</subfield>
	</datafield>
	<datafield ind1=" " ind2=" " tag="338">
		<subfield code="a">online resource</subfield>
		<subfield code="2">rdacarrier</subfield>
	</datafield>
	<datafield ind1="1" ind2=" " tag="490">
		<subfield code="6">880-04</subfield>
		<subfield code="a">Maṭbūʻāt al-Majmaʻ al-ʻIlmī al-ʻArabī bi-Dimashq</subfield>
	</datafield>
	<datafield ind1=" " ind2=" " tag="500">
		<subfield code="a">Part of the Arabic Collections Online (ACO) project, contributed by Columbia University Libraries.</subfield>
	</datafield>
	<datafield ind1=" " ind2=" " tag="504">
		<subfield code="a">Includes bibliographical references and index.</subfield>
	</datafield>
	<datafield ind1="1" ind2=" " tag="505">
		<subfield code="a">1 [al-Muqaddimah] -- 2:1 Khiṭaṭ Dimashq -- 2:2 al-Sīrah al-Nabawīyah, al-qism 1. -- 2:3 al-Sīrah al-Nabawīyah, al-qism 2. -- 3 ʻAbd Allāh ibn Jābir -- ʻAbd Allāh ibn Zayd -- 6 ʻUthmān ibn ʻAffān -- 7 Aḥmad ibn ʻUtbah -- Aḥmad ibn Muḥammad ibn al-Muʼammal -- 10 [Busr ibn Abī Arṭāh -- Thābit ibn Aqram] -- 18. Al-Ḥusayn ibn ʻAbd Āllah ibn Muḥammad-Al-Hakam Yʻalī ibn ʻAṭaʼ -- 22. Rabīʻah ibn Aḥmad- Zirru ibn Ḥubaysh -- 31 ʻĀṣim -- ʻĀyidh -- 32 ʻUbādah ibn Awfá -- ʻAbd Allāh ibn Thuwab -- 34 ʻAbd Allāh ibn Sālim -- ʻAbd Allāh ibn Abī ʻĀʼishah.</subfield>
	</datafield>
	<datafield ind1="1" ind2=" " tag="505">
		<subfield code="a">38 ʻAbd Allāh ibn Qays -- ʻAbd Allāh ibn Masʻadah -- 39 ʻAbd Allāh ibn Masʻūd -- ʻAbd al-Ḥamīd ibn Bakkār -- 40 ʻAbd al-Ḥamīd ibn Ḥabīb -- ʻAbd al-Raḥmān ibn ʻAbd Allāh -- 41 ʻAbd al-Raḥmān ibn ʻAbd Allāh ibn al-Ḥasan -- ʻAbd al-Raḥmān ibn al-Miswar ibn Makhramah -- 42 ʻAbd al-Raḥmān ibn Maṣād -- ʻAbd al-ʻAzīz ibn ʻUmar ibn ʻAbd al-ʻAzīz -- 43 ʻAbd al-ʻAzīz ibn ʻUmar -- ʻAbd al-Wāḥid ibn Zayd al-Baṣrī -- 44 ʻAbd al-Wāḥid ibn Saʻīd -- ʻUbaydah ibn Ashʻab.</subfield>
	</datafield>
	<datafield ind1="1" ind2=" " tag="505">
		<subfield code="a">al-mujallad 45 ʻUbaydah ibn ʻAbd al-Raḥmān ibn Ḥakīm -- ʻUthmān ibn ʻAṭāʼ ibn Muyassarah -- al-mujallad 47 ʻUthmān ibn ʻAlī -- ʻAṭāʼ ibn Abī Rabāḥ -- baʻḍ al-mujallad 52 wa-al-mujallad 53. [in 1 v. ] ʻUmar ibn al-Khaṭṭāb -- al-mujallad 54. ʻUmar ibn Khayrān -- ʻAmr ibn Baḥr al-Jāḥiẓ wa-fīhi ʻUmar ibn ʻAbd al-ʻAzīz.</subfield>
	</datafield>
	<datafield ind1=" " ind2=" " tag="533">
		<subfield code="a">Electronic reproduction.</subfield>
		<subfield code="b">New York, N.Y. :</subfield>
		<subfield code="c">New York University,</subfield>
		<subfield code="d">2018.</subfield>
		<subfield code="5">NNU</subfield>
	</datafield>
	<datafield ind1=" " ind2="0" tag="651">
		<subfield code="a">Damascus (Syria)</subfield>
		<subfield code="x">History.</subfield>
	</datafield>
	<datafield ind1=" " ind2="0" tag="651">
		<subfield code="a">Syria</subfield>
		<subfield code="x">History.</subfield>
	</datafield>
	<datafield ind1=" " ind2="0" tag="651">
		<subfield code="a">Damascus (Syria)</subfield>
		<subfield code="v">Biography.</subfield>
	</datafield>
	<datafield ind1=" " ind2="7" tag="651">
		<subfield code="a">Syria.</subfield>
		<subfield code="2">fast</subfield>
		<subfield code="0">(OCoLC)fst01208757</subfield>
	</datafield>
	<datafield ind1=" " ind2="7" tag="651">
		<subfield code="a">Syria</subfield>
		<subfield code="z">Damascus.</subfield>
		<subfield code="2">fast</subfield>
		<subfield code="0">(OCoLC)fst01207112</subfield>
	</datafield>
	<datafield ind1=" " ind2="7" tag="655">
		<subfield code="a">Biography.</subfield>
		<subfield code="2">fast</subfield>
		<subfield code="0">(OCoLC)fst01423686</subfield>
	</datafield>
	<datafield ind1=" " ind2="7" tag="655">
		<subfield code="a">History.</subfield>
		<subfield code="2">fast</subfield>
		<subfield code="0">(OCoLC)fst01411628</subfield>
	</datafield>
	<datafield ind1="1" ind2=" " tag="700">
		<subfield code="6">880-05</subfield>
		<subfield code="a">Munajjid, Ṣalāḥ al-Dīn.</subfield>
	</datafield>
	<datafield ind1="2" ind2=" " tag="710">
		<subfield code="a">Columbia University.</subfield>
		<subfield code="b">Libraries.</subfield>
	</datafield>
	<datafield ind1="0" ind2=" " tag="730">
		<subfield code="a">Arabic Collections Online.</subfield>
	</datafield>
	<datafield ind1="0" ind2="8" tag="776">
		<subfield code="i">Online version:</subfield>
		<subfield code="a">Ibn ʻAsākir, ʻAlī ibn al-Ḥasan, 1105-1176.</subfield>
		<subfield code="t">Tārīkh madīnat Dimashq.</subfield>
		<subfield code="d">Dimashq : Maṭbūʻāt al-Majmaʻ al-ʻIlmī al-ʻArabī, 1951-</subfield>
		<subfield code="w">(OCoLC)558450633</subfield>
	</datafield>
	<datafield ind1="0" ind2="8" tag="776">
		<subfield code="i">Online version:</subfield>
		<subfield code="a">Ibn ʻAsākir, ʻAlī ibn al-Ḥasan, 1105-1176.</subfield>
		<subfield code="t">Tārīkh madīnat Dimashq.</subfield>
		<subfield code="d">Dimashq : Maṭbūʻāt al-Majmaʻ al-ʻIlmī al-ʻArabī, 1951-</subfield>
		<subfield code="w">(OCoLC)607898936</subfield>
	</datafield>
	<datafield ind1="0" ind2="8" tag="776">
		<subfield code="i">Print version:</subfield>
		<subfield code="a">Ibn ʻAsākir, ʻAlī ibn al-Ḥasan, 1105-1176.</subfield>
		<subfield code="t">Tārīkh madīnat Dimashq</subfield>
		<subfield code="w">(NNC)3068056</subfield>
		<subfield code="w">(DLC)   59034965 </subfield>
		<subfield code="w">(OCoLC)6776657</subfield>
	</datafield>
	<datafield ind1=" " ind2="0" tag="830">
		<subfield code="6">880-06</subfield>
		<subfield code="a">Maṭbūʻāt al-Majmaʻ al-ʻIlmī al-ʻArabī bi-Dimashq.</subfield>
	</datafield>
	<datafield ind1="4" ind2="0" tag="856">
		<subfield code="u">http://hdl.handle.net/2333.1/mkkwhdns</subfield>
	</datafield>
	<datafield ind1="1" ind2=" " tag="880">
		<subfield code="6">100-01/(3/r</subfield>
		<subfield code="a">ابن عساكر، علي بن الحسن،,</subfield>
		<subfield code="d">1176-1105.</subfield>
	</datafield>
	<datafield ind1="1" ind2="0" tag="880">
		<subfield code="6">240-00/(3/r</subfield>
		<subfield code="a">تاريخ مدينة دمشق</subfield>
	</datafield>
	<datafield ind1="1" ind2="0" tag="880">
		<subfield code="6">245-02/(3/r</subfield>
		<subfield code="a">تاريخ مدينة دمشق :</subfield>
		<subfield code="b">وذكر فضلها وتسمية من حلها من الأماثل أو اجتاز بنواحيها من وارديها واهلها /</subfield>
		<subfield code="c">تصنيف أبي القاسم علي بن الحسن بن هبة الله بن عبد الله الشافعي، المعروف بابن عساكر ؛ بتحقيق صلاح الدين المنجد.</subfield>
	</datafield>
	<datafield ind1=" " ind2=" " tag="880">
		<subfield code="6">260-03/(3/r</subfield>
		<subfield code="a">دمشق :</subfield>
		<subfield code="b">مطبوعات المجمع العلمي العربي،</subfield>
		<subfield code="c">1951-</subfield>
	</datafield>
	<datafield ind1="1" ind2=" " tag="880">
		<subfield code="6">490-04/(3/r</subfield>
		<subfield code="a">مطبوعات المجمع العلمي العربي بدمشق</subfield>
	</datafield>
	<datafield ind1=" " ind2=" " tag="880">
		<subfield code="6">500-00/(3/r</subfield>
		<subfield code="a">المجلدة الثانية، القاسم الاول: خطط دمشق.</subfield>
	</datafield>
	<datafield ind1="1" ind2=" " tag="880">
		<subfield code="6">505-00/(3/r</subfield>
		<subfield code="a">المجلدة 18. الحسين بن عبد الله بن محمد --الحكم بن يعلى بن عطاء -- المجلدة 22. من حرفي الراء والزاي ربيعة بن احمد-- زر بن حبش</subfield>
	</datafield>
	<datafield ind1="1" ind2=" " tag="880">
		<subfield code="6">700-05/(3/r</subfield>
		<subfield code="a">منجد، صلاح الدين.</subfield>
	</datafield>
	<datafield ind1=" " ind2="0" tag="880">
		<subfield code="6">830-06/(3/r</subfield>
		<subfield code="a">مطبوعات المجمع العلمي العربي بدمشق.</subfield>
	</datafield>
	<datafield ind1=" " ind2=" " tag="959">
		<subfield code="a">NNU</subfield>
		<subfield code="b">WEB</subfield>
		<subfield code="c">GENI</subfield>
		<subfield code="t">0</subfield>
		<subfield code="m">Electronic access</subfield>
		<subfield code="s">01</subfield>
	</datafield>
	<datafield ind1=" " ind2=" " tag="999">
		<subfield code="i">NNC_3068056</subfield>
		<subfield code="o">(OCoLC)ocm06776657</subfield>
		<subfield code="s">columbia_aco003115:v.1</subfield>
		<subfield code="s">columbia_aco003116:v.2:1</subfield>
		<subfield code="e">(ERROR-880)</subfield>
	</datafield>
</record>
